@INPROCEEDINGS{7175910, 
author={A. {Luksza} and W. {Sienko}}, 
booktitle={2015 IEEE 2nd International Conference on Cybernetics (CYBCONF)}, 
title={Using {Passive} {Neural} {Networks} to {Solve} {TSP}}, 
year={2015}, 
volume={}, 
number={}, 
pages={79-84}, 
keywords={dynamic programming;neural nets;travelling salesman problems;passive neural networks;TSP;travelling salesman problems;dynamic optimization tool;combinatorial programming;Cities and towns;Biological neural networks;Neurons;Linear programming;Optimization;Symmetric matrices;Traveling Salesman Problem;Combinatorial Optimization;Passive Neural Networks}, 
doi={10.1109/CYBConf.2015.7175910}, 
ISSN={}, 
month={June},}


@inproceedings{LiJ.2018APSA,
issn = {03029743},
journal = {Lecture Notes in Computer Science (including subseries Lecture Notes in Artificial Intelligence and Lecture Notes in Bioinformatics)},
pages = {19--24},
volume = {10956},
publisher = {Springer Verlag},
isbn = {9783319959566},
year = {2018},
title = {A {Pseudo-dynamic} {Search} {Ant} {Colony} {Optimization} {Algorithm} with {Improved} {Negative} {Feedback} {Mechanism} to {Solve} {TSP}},
copyright = {Copyright 2018 Elsevier B.V., All rights reserved.},
author = {Li, J. and Xia, Y. and Li, B. and Zeng, Z.},
keywords = {Ant Colony Algorithm ; Local Optimum ; Negative Feedback ; Pseudo-Dynamic Search ; Weight},
}

@inproceedings{ChenJie2011UGAB,
pages = {1--3},
publisher = {IEEE},
booktitle = {2011 International Conference on Internet Technology and Applications},
isbn = {9781424472536},
year = {2011},
title = {Using {Genetic} {Algorithm} {Based} on {Composite} {Statistical} {Functions} to {Solve} {TSP} by {Nodes} {Regrouping}},
language = {eng},
author = {Chen Jie and Ma Ya-Hui},
keywords = {Cities and Towns ; Genetic Algorithms ; Search Problems ; Convergence ; Process Control ; Optimization ; Greedy Algorithms},
}

@incollection{SchneiderJohannesJosef2006TSAt,
series = {Scientific Computation},
pages = {441--447},
publisher = {Springer Berlin Heidelberg},
booktitle = {Stochastic Optimization},
isbn = {9783540345596},
year = {2006},
title = {Tabu {Search} {Applied} to {TSP}},
language = {eng},
address = {Berlin, Heidelberg},
author = {Schneider, Johannes Josef and Kirkpatrick, Scott},
keywords = {Computer Science ; Computing Methodologies ; Numerical and Computational Methods ; Optimization ; Computational Science and Engineering ; Numerical and Computational Methods in Engineering ; Engineering ; Computer Science},
}

@misc{FlipPhillips2010TTSP,
year = {2010},
title = {The {Traveling} {Salesman} {Problem} in the {Natural} {Environment}},
author = {Flip Phillips and Thomas O'Connell and Oliver W. Layton},
keywords = {Neuroscience ; Earth & Environment},
url = {http://precedings.nature.com/documents/4960/version/1},
}


@inproceedings{VahdatiG2009ANAt,
pages = {112--116},
publisher = {IEEE},
booktitle = {2009 International Conference of Soft Computing and Pattern Recognition},
isbn = {9781424453306},
year = {2009},
title = {A {New} {Approach} to {Solve} {Traveling} {Salesman} {Problem} {Using} {Genetic} {Algorithm} {Based} on {Heuristic} {Crossover} and {Mutation} {Operator}},
language = {eng},
author = {Vahdati, G and Yaghoubi, M and Poostchi, M and Naghibi S, M.B},
keywords = {Traveling Salesman Problems ; Genetic Algorithms ; Genetic Mutations ; Cities and Towns ; Biological Cells ; Pattern Recognition ; Acceleration ; Cost Function ; Ant Colony Optimization ; Heuristic Algorithms ; Genetic Algorithm ; Fitness Function ; Heuristic Crossover ; Mutation ; Traveling Salesman Problem},
}

@book{GutinGregory2007TTSP,
series = {Combinatorial optimization; 12},
publisher = {Springer US},
isbn = {9780306482137},
year = {2007},
title = {The {Traveling} {Salesman} {Problem} and {Its} {Variations}},
language = {eng},
address = {Boston, MA},
author = {Gutin, Gregory},
keywords = {Computer science; Computational complexity; Algorithms; Mathematical optimization; Algorithms; Computational complexity; Computer science; Mathematical optimization},
lccn = {2006933131},
}

@article{Vikas2017Raman,
    title={Review of {Different} {Heuristic} {Algorithms} for {Solving} {Travelling} {Salesman} {Problem}},
    author={Vikas Raman and Nasib Singh Gill},
    journal= {International Journal of Advanced Research in Computer Science},
    year={2017},
}

@article{Kartik2014Rai,
    title={Research {Paper} on {Travelling} {Salesman} {Problem} And it’s {Solution} {Using} {Genetic} {Algorithm}},
    author ={Kartik Rai and Kislay Anand and Lokesh Madan},
    journal={International Journal of Innovative Research in Technology },
    year= {2014},
    ISSN={2349-6002},
}
    
@InProceedings{10.1007/978-3-642-13800-3_29,
    author={Smith-Miles, Kate and van Hemert, Jano and Lim, Xin Yu},
    editor={Blum, Christian and Battiti, Roberto},
    title={Understanding {T}{S}{P} {Difficulty} by {Learning} from {Evolved} {Instances}},
    booktitle={Learning and Intelligent Optimization},
    year={2010},
    publisher={Springer Berlin Heidelberg},
    address={Berlin, Heidelberg},
    pages={266--280},
}

@misc{database,
    title = {TSP Database},
    author = {Universität Heidelberg},
    url = {https://wwwproxy.iwr.uni-heidelberg.de/groups/comopt/software/TSPLIB95/tsp/},
}

@misc{acocode,
    title={Genetic Algorithm with 100 Generations},
    author={Github: Mauricio},
    url={https://github.com/puchaoyi/Ant-Colony-Algorithm-for-Solving-TSP-Problem-TSP-/tree/master/TSPYQ},
}

@misc{gacode,
    title={Ant Colony Algorithm},
    author ={Github: puchaoyi},
    url={https://github.com/boyang-gis/TSP/blob/ee5838151ae1f564c0d03c7387fee480e743254e/ga/src/genetic.py},
}

@misc{datafunction,
    title={{DISTANCE} {TO} {POSITION}},
    author ={Florida State University},
    url={https://people.sc.fsu.edu/~jburkardt/m_src/distance_to_position/distance_to_position.html},
}


